%YAML 1.1
%TAG !u! tag:unity3d.com,2011:
--- !u!1 &1551516413982842884
GameObject:
  m_ObjectHideFlags: 0
  m_CorrespondingSourceObject: {fileID: 0}
  m_PrefabInstance: {fileID: 0}
  m_PrefabAsset: {fileID: 0}
  serializedVersion: 6
  m_Component:
  - component: {fileID: 1855671725347251}
  - component: {fileID: 2875023540064383374}
  - component: {fileID: 1417832382314170843}
  - component: {fileID: 5201458244041948208}
  - component: {fileID: 1421346655957077596}
  m_Layer: 6
  m_Name: WOOD 5
  m_TagString: Resource
  m_Icon: {fileID: 0}
  m_NavMeshLayer: 0
  m_StaticEditorFlags: 0
  m_IsActive: 1
--- !u!4 &1855671725347251
Transform:
  m_ObjectHideFlags: 0
  m_CorrespondingSourceObject: {fileID: 0}
  m_PrefabInstance: {fileID: 0}
  m_PrefabAsset: {fileID: 0}
  m_GameObject: {fileID: 1551516413982842884}
  m_LocalRotation: {x: -0.0000000081431715, y: -0.25633597, z: -0.0000000084130205, w: 0.9665878}
  m_LocalPosition: {x: -0.052, y: -8.9087, z: -0.065}
  m_LocalScale: {x: 2.7, y: 3.5, z: 2.7}
  m_Children:
  - {fileID: 2761036587257523601}
  - {fileID: 3904503330571083442}
  - {fileID: 2844241951978313490}
  m_Father: {fileID: 0}
  m_RootOrder: 0
  m_LocalEulerAnglesHint: {x: 0, y: -29.706, z: 0}
--- !u!65 &2875023540064383374
BoxCollider:
  m_ObjectHideFlags: 0
  m_CorrespondingSourceObject: {fileID: 0}
  m_PrefabInstance: {fileID: 0}
  m_PrefabAsset: {fileID: 0}
  m_GameObject: {fileID: 1551516413982842884}
  m_Material: {fileID: 0}
  m_IsTrigger: 1
  m_Enabled: 1
  serializedVersion: 2
  m_Size: {x: 0.021160396, y: 0.019341137, z: 0.021323089}
  m_Center: {x: 0.0007165106, y: 0.01038642, z: -0.000071943614}
--- !u!114 &1417832382314170843
MonoBehaviour:
  m_ObjectHideFlags: 0
  m_CorrespondingSourceObject: {fileID: 0}
  m_PrefabInstance: {fileID: 0}
  m_PrefabAsset: {fileID: 0}
  m_GameObject: {fileID: 1551516413982842884}
  m_Enabled: 1
  m_EditorHideFlags: 0
  m_Script: {fileID: 11500000, guid: 647d6ded8cf7ef645be48fa20cbc0c8d, type: 3}
  m_Name: 
  m_EditorClassIdentifier: 
  item: {fileID: 11400000, guid: c7d7f753287578d4aa04d12537fa2e20, type: 2}
  _delayBeforeRestoreInSeconds: 6
--- !u!82 &5201458244041948208
AudioSource:
  m_ObjectHideFlags: 0
  m_CorrespondingSourceObject: {fileID: 0}
  m_PrefabInstance: {fileID: 0}
  m_PrefabAsset: {fileID: 0}
  m_GameObject: {fileID: 1551516413982842884}
  m_Enabled: 1
  serializedVersion: 4
  OutputAudioMixerGroup: {fileID: 0}
  m_audioClip: {fileID: 8300000, guid: 71217dd9687be064c9f836313335dded, type: 3}
  m_PlayOnAwake: 0
  m_Volume: 0.09
  m_Pitch: 1
  Loop: 0
  Mute: 0
  Spatialize: 0
  SpatializePostEffects: 0
  Priority: 128
  DopplerLevel: 1
  MinDistance: 1
  MaxDistance: 500
  Pan2D: 0
  rolloffMode: 0
  BypassEffects: 0
  BypassListenerEffects: 0
  BypassReverbZones: 0
  rolloffCustomCurve:
    serializedVersion: 2
    m_Curve:
    - serializedVersion: 3
      time: 0
      value: 1
      inSlope: 0
      outSlope: 0
      tangentMode: 0
      weightedMode: 0
      inWeight: 0.33333334
      outWeight: 0.33333334
    - serializedVersion: 3
      time: 1
      value: 0
      inSlope: 0
      outSlope: 0
      tangentMode: 0
      weightedMode: 0
      inWeight: 0.33333334
      outWeight: 0.33333334
    m_PreInfinity: 2
    m_PostInfinity: 2
    m_RotationOrder: 4
  panLevelCustomCurve:
    serializedVersion: 2
    m_Curve:
    - serializedVersion: 3
      time: 0
      value: 0
      inSlope: 0
      outSlope: 0
      tangentMode: 0
      weightedMode: 0
      inWeight: 0.33333334
      outWeight: 0.33333334
    m_PreInfinity: 2
    m_PostInfinity: 2
    m_RotationOrder: 4
  spreadCustomCurve:
    serializedVersion: 2
    m_Curve:
    - serializedVersion: 3
      time: 0
      value: 0
      inSlope: 0
      outSlope: 0
      tangentMode: 0
      weightedMode: 0
      inWeight: 0.33333334
      outWeight: 0.33333334
    m_PreInfinity: 2
    m_PostInfinity: 2
    m_RotationOrder: 4
  reverbZoneMixCustomCurve:
    serializedVersion: 2
    m_Curve:
    - serializedVersion: 3
      time: 0
      value: 1
      inSlope: 0
      outSlope: 0
      tangentMode: 0
      weightedMode: 0
      inWeight: 0.33333334
      outWeight: 0.33333334
    m_PreInfinity: 2
    m_PostInfinity: 2
    m_RotationOrder: 4
--- !u!114 &1421346655957077596
MonoBehaviour:
  m_ObjectHideFlags: 0
  m_CorrespondingSourceObject: {fileID: 0}
  m_PrefabInstance: {fileID: 0}
  m_PrefabAsset: {fileID: 0}
  m_GameObject: {fileID: 1551516413982842884}
  m_Enabled: 1
  m_EditorHideFlags: 0
  m_Script: {fileID: 11500000, guid: f7296253faaa6864b8b3e0d15b701a66, type: 3}
  m_Name: 
  m_EditorClassIdentifier: 
  _animationDurationInSeconds: 1
  _isVibrationEnabled: 1
--- !u!1 &3665566984802033663
GameObject:
  m_ObjectHideFlags: 0
  m_CorrespondingSourceObject: {fileID: 0}
  m_PrefabInstance: {fileID: 0}
  m_PrefabAsset: {fileID: 0}
  serializedVersion: 6
  m_Component:
  - component: {fileID: 2844241951978313490}
  - component: {fileID: 7237207654907552001}
  - component: {fileID: 3213597015415431395}
  m_Layer: 0
  m_Name: Tree.020 (1)
  m_TagString: Untagged
  m_Icon: {fileID: 0}
  m_NavMeshLayer: 0
  m_StaticEditorFlags: 0
  m_IsActive: 1
--- !u!4 &2844241951978313490
Transform:
  m_ObjectHideFlags: 0
  m_CorrespondingSourceObject: {fileID: 0}
  m_PrefabInstance: {fileID: 0}
  m_PrefabAsset: {fileID: 0}
  m_GameObject: {fileID: 3665566984802033663}
  m_LocalRotation: {x: -0.68545604, y: 0.17363821, z: 0.17363806, w: 0.68545586}
  m_LocalPosition: {x: 0, y: 0, z: 0}
  m_LocalScale: {x: 0.3433259, y: 0.3433259, z: 0.3433259}
  m_Children: []
  m_Father: {fileID: 1855671725347251}
  m_RootOrder: 2
  m_LocalEulerAnglesHint: {x: -90, y: 0, z: 28.43}
--- !u!33 &7237207654907552001
MeshFilter:
  m_ObjectHideFlags: 0
  m_CorrespondingSourceObject: {fileID: 0}
  m_PrefabInstance: {fileID: 0}
  m_PrefabAsset: {fileID: 0}
  m_GameObject: {fileID: 3665566984802033663}
  m_Mesh: {fileID: 6696799065999510225, guid: 1e2b06e18b48479468c435940a07d158, type: 3}
--- !u!23 &3213597015415431395
MeshRenderer:
  m_ObjectHideFlags: 0
  m_CorrespondingSourceObject: {fileID: 0}
  m_PrefabInstance: {fileID: 0}
  m_PrefabAsset: {fileID: 0}
  m_GameObject: {fileID: 3665566984802033663}
  m_Enabled: 1
  m_CastShadows: 1
  m_ReceiveShadows: 1
  m_DynamicOccludee: 1
  m_StaticShadowCaster: 0
  m_MotionVectors: 1
  m_LightProbeUsage: 1
  m_ReflectionProbeUsage: 1
  m_RayTracingMode: 2
  m_RayTraceProcedural: 0
  m_RenderingLayerMask: 1
  m_RendererPriority: 0
  m_Materials:
  - {fileID: 2100000, guid: fd8caa445bcb51a41b6e1f2208371c99, type: 2}
  m_StaticBatchInfo:
    firstSubMesh: 0
    subMeshCount: 0
  m_StaticBatchRoot: {fileID: 0}
  m_ProbeAnchor: {fileID: 0}
  m_LightProbeVolumeOverride: {fileID: 0}
  m_ScaleInLightmap: 1
  m_ReceiveGI: 1
  m_PreserveUVs: 0
  m_IgnoreNormalsForChartDetection: 0
  m_ImportantGI: 0
  m_StitchLightmapSeams: 1
  m_SelectedEditorRenderState: 3
  m_MinimumChartSize: 4
  m_AutoUVMaxDistance: 0.5
  m_AutoUVMaxAngle: 89
  m_LightmapParameters: {fileID: 0}
  m_SortingLayerID: 0
  m_SortingLayer: 0
  m_SortingOrder: 0
  m_AdditionalVertexStreams: {fileID: 0}
--- !u!1001 &2682946464535587717
PrefabInstance:
  m_ObjectHideFlags: 0
  serializedVersion: 2
  m_Modification:
    m_TransformParent: {fileID: 1855671725347251}
    m_Modifications:
    - target: {fileID: 246169374763763220, guid: 2792e5e9a27d3e04086dc79cefe83ccd, type: 3}
      propertyPath: m_RootOrder
      value: 0
      objectReference: {fileID: 0}
    - target: {fileID: 246169374763763220, guid: 2792e5e9a27d3e04086dc79cefe83ccd, type: 3}
      propertyPath: m_LocalPosition.x
      value: 0
      objectReference: {fileID: 0}
    - target: {fileID: 246169374763763220, guid: 2792e5e9a27d3e04086dc79cefe83ccd, type: 3}
      propertyPath: m_LocalPosition.y
      value: 0.0012
      objectReference: {fileID: 0}
    - target: {fileID: 246169374763763220, guid: 2792e5e9a27d3e04086dc79cefe83ccd, type: 3}
      propertyPath: m_LocalPosition.z
      value: 0
      objectReference: {fileID: 0}
    - target: {fileID: 246169374763763220, guid: 2792e5e9a27d3e04086dc79cefe83ccd, type: 3}
      propertyPath: m_LocalRotation.w
      value: 0.7071068
      objectReference: {fileID: 0}
    - target: {fileID: 246169374763763220, guid: 2792e5e9a27d3e04086dc79cefe83ccd, type: 3}
      propertyPath: m_LocalRotation.x
      value: -0.7071068
      objectReference: {fileID: 0}
    - target: {fileID: 246169374763763220, guid: 2792e5e9a27d3e04086dc79cefe83ccd, type: 3}
      propertyPath: m_LocalRotation.y
      value: -0
      objectReference: {fileID: 0}
    - target: {fileID: 246169374763763220, guid: 2792e5e9a27d3e04086dc79cefe83ccd, type: 3}
      propertyPath: m_LocalRotation.z
      value: -0
      objectReference: {fileID: 0}
    - target: {fileID: 246169374763763220, guid: 2792e5e9a27d3e04086dc79cefe83ccd, type: 3}
      propertyPath: m_LocalEulerAnglesHint.x
      value: -90
      objectReference: {fileID: 0}
    - target: {fileID: 246169374763763220, guid: 2792e5e9a27d3e04086dc79cefe83ccd, type: 3}
      propertyPath: m_LocalEulerAnglesHint.y
      value: 0
      objectReference: {fileID: 0}
    - target: {fileID: 246169374763763220, guid: 2792e5e9a27d3e04086dc79cefe83ccd, type: 3}
      propertyPath: m_LocalEulerAnglesHint.z
      value: 0
      objectReference: {fileID: 0}
    - target: {fileID: 8405469313946133155, guid: 2792e5e9a27d3e04086dc79cefe83ccd, type: 3}
      propertyPath: m_Name
      value: CollactableEffectWood
      objectReference: {fileID: 0}
    m_RemovedComponents: []
  m_SourcePrefab: {fileID: 100100000, guid: 2792e5e9a27d3e04086dc79cefe83ccd, type: 3}
--- !u!4 &2761036587257523601 stripped
Transform:
  m_CorrespondingSourceObject: {fileID: 246169374763763220, guid: 2792e5e9a27d3e04086dc79cefe83ccd, type: 3}
  m_PrefabInstance: {fileID: 2682946464535587717}
  m_PrefabAsset: {fileID: 0}
--- !u!1001 &4431106307484770971
PrefabInstance:
  m_ObjectHideFlags: 0
  serializedVersion: 2
  m_Modification:
    m_TransformParent: {fileID: 1855671725347251}
    m_Modifications:
    - target: {fileID: 815686591805373481, guid: 9b015be62e0af5549b2cf268317db6c2, type: 3}
      propertyPath: m_RootOrder
      value: 1
      objectReference: {fileID: 0}
    - target: {fileID: 815686591805373481, guid: 9b015be62e0af5549b2cf268317db6c2, type: 3}
      propertyPath: m_LocalPosition.x
      value: 0
      objectReference: {fileID: 0}
    - target: {fileID: 815686591805373481, guid: 9b015be62e0af5549b2cf268317db6c2, type: 3}
      propertyPath: m_LocalPosition.y
      value: 0.0115
      objectReference: {fileID: 0}
    - target: {fileID: 815686591805373481, guid: 9b015be62e0af5549b2cf268317db6c2, type: 3}
      propertyPath: m_LocalPosition.z
      value: 0
      objectReference: {fileID: 0}
    - target: {fileID: 815686591805373481, guid: 9b015be62e0af5549b2cf268317db6c2, type: 3}
      propertyPath: m_LocalRotation.w
      value: 0.8865672
      objectReference: {fileID: 0}
    - target: {fileID: 815686591805373481, guid: 9b015be62e0af5549b2cf268317db6c2, type: 3}
      propertyPath: m_LocalRotation.x
      value: -0
      objectReference: {fileID: 0}
    - target: {fileID: 815686591805373481, guid: 9b015be62e0af5549b2cf268317db6c2, type: 3}
      propertyPath: m_LocalRotation.y
      value: 0.46259987
      objectReference: {fileID: 0}
    - target: {fileID: 815686591805373481, guid: 9b015be62e0af5549b2cf268317db6c2, type: 3}
      propertyPath: m_LocalRotation.z
      value: -0
      objectReference: {fileID: 0}
    - target: {fileID: 815686591805373481, guid: 9b015be62e0af5549b2cf268317db6c2, type: 3}
      propertyPath: m_LocalEulerAnglesHint.x
      value: 0
      objectReference: {fileID: 0}
    - target: {fileID: 815686591805373481, guid: 9b015be62e0af5549b2cf268317db6c2, type: 3}
      propertyPath: m_LocalEulerAnglesHint.y
      value: 0
      objectReference: {fileID: 0}
    - target: {fileID: 815686591805373481, guid: 9b015be62e0af5549b2cf268317db6c2, type: 3}
      propertyPath: m_LocalEulerAnglesHint.z
      value: 0
      objectReference: {fileID: 0}
    - target: {fileID: 6223423381560478448, guid: 9b015be62e0af5549b2cf268317db6c2, type: 3}
      propertyPath: m_Name
      value: Particle System Force Field (1)
      objectReference: {fileID: 0}
    m_RemovedComponents: []
  m_SourcePrefab: {fileID: 100100000, guid: 9b015be62e0af5549b2cf268317db6c2, type: 3}
--- !u!4 &3904503330571083442 stripped
Transform:
  m_CorrespondingSourceObject: {fileID: 815686591805373481, guid: 9b015be62e0af5549b2cf268317db6c2, type: 3}
  m_PrefabInstance: {fileID: 4431106307484770971}
  m_PrefabAsset: {fileID: 0}
